@inproceedings{shepherd2012sando,
  title={Sando: an Extensible Local Code Search Framework},
  author={Shepherd, David and Damevski, Kostadin and Ropski, Bartosz and Fritz, Thomas},
  booktitle={Proceedings of the ACM SIGSOFT 20th International Symposium on the Foundations of Software Engineering},
  pages={1--2},
  year={2012}
}

@inproceedings{marcus2004information,
  title={An Information Retrieval Approach to Concept Location in Source Code},
  author={Marcus, Andrian and Sergeyev, Andrey and Rajlich, Vaclav and Maletic, Jonathan I},
  booktitle={11th Working Conference on Reverse Engineering},
  pages={214--223},
  year={2004},
  organization={IEEE}
}

@misc{deargithub,
  author={{dear-github/dear-github}},
  title={\url{https://github.com/dear-github/dear-github}},
  year = {2020}
}

@inproceedings{breu2010information,
  title={Information needs in bug reports: improving cooperation between developers and users},
  author={Breu, Silvia and Premraj, Rahul and Sillito, Jonathan and Zimmermann, Thomas},
  booktitle={Proceedings of the 2010 ACM conference on Computer supported cooperative work},
  pages={301--310},
  year={2010}
}

@inproceedings{hooimeijer07modeling,
  author = {Hooimeijer, Pieter and Weimer, Westley},
  title = {Modeling Bug Report Quality},
  year = {2007},
  isbn = {9781595938824},
  publisher = {Association for Computing Machinery},
  address = {New York, NY, USA},
  doi = {10.1145/1321631.1321639},
  booktitle = {Proceedings of the Twenty-Second IEEE/ACM International Conference on Automated Software Engineering},
  pages = {34–43},
  numpages = {10},
  keywords = {information retrieval, bug report triage, statistical model, issue tracking},
  location = {Atlanta, Georgia, USA},
  series = {ASE ’07}
}

@ARTICLE{fan20chaff,
  author={Y. {Fan} and X. {Xia} and D. {Lo} and A. E. {Hassan}},
  journal={IEEE Transactions on Software Engineering},
  title={Chaff from the Wheat: Characterizing and Determining Valid Bug Reports},
  year={2020},
  volume={46},
  number={5},
  pages={495-525}
}

@inproceedings{moran15autocompleting,
  author = {Moran, Kevin and Linares-V\'{a}squez, Mario and Bernal-C\'{a}rdenas, Carlos and Poshyvanyk, Denys},
  title = {Auto-Completing Bug Reports for Android Applications},
  year = {2015},
  isbn = {9781450336758},
  publisher = {Association for Computing Machinery},
  address = {New York, NY, USA},
  doi = {10.1145/2786805.2786857},
  booktitle = {Proceedings of the 2015 10th Joint Meeting on Foundations of Software Engineering},
  pages = {673–686},
  numpages = {14},
  keywords = {android, auto-completion, Bug reports, reproduction steps},
  location = {Bergamo, Italy},
  series = {ESEC/FSE 2015}
}

@INPROCEEDINGS{chaparro19reformulating,
  author={O. {Chaparro} and J. M. {Florez} and U. {Singh} and A. {Marcus}},
  booktitle={2019 IEEE 26th International Conference on Software Analysis, Evolution and Reengineering (SANER)},
  title={Reformulating Queries for Duplicate Bug Report Detection},
  year={2019},
  volume={},
  number={},
  pages={218-229},
}

@INPROCEEDINGS{linstead09mining,
  author={E. {Linstead} and P. {Baldi}},
  booktitle={2009 6th IEEE International Working Conference on Mining Software Repositories},
  title={Mining the coherence of GNOME bug reports with statistical topic models},
  year={2009},
  volume={},
  number={},
  pages={99-102}
}

@ARTICLE{zimmermann10whatmakes,
  author={T. {Zimmermann} and R. {Premraj} and N. {Bettenburg} and S. {Just} and A. {Schroter} and C. {Weiss}},
  journal={IEEE Transactions on Software Engineering},
  title={What Makes a Good Bug Report?},
  year={2010},
  volume={36},
  number={5},
  pages={618-643}
}

@inproceedings{davies14whats,
  author = {Davies, Steven and Roper, Marc},
  title = {What’s in a Bug Report?},
  year = {2014},
  isbn = {9781450327749},
  publisher = {Association for Computing Machinery},
  address = {New York, NY, USA},
  doi = {10.1145/2652524.2652541},
  booktitle = {Proceedings of the 8th ACM/IEEE International Symposium on Empirical Software Engineering and Measurement},
  articleno = {26},
  numpages = {10},
  keywords = {bug report, software maintenance, bug repository},
  location = {Torino, Italy},
  series = {ESEM ’14}
}

@inproceedings{bettenburg08extracting,
  author = {Bettenburg, Nicolas and Premraj, Rahul and Zimmermann, Thomas and Kim, Sunghun},
  title = {Extracting Structural Information from Bug Reports},
  year = {2008},
  isbn = {9781605580241},
  publisher = {Association for Computing Machinery},
  address = {New York, NY, USA},
  doi = {10.1145/1370750.1370757},
  booktitle = {Proceedings of the 2008 International Working Conference on Mining Software Repositories},
  pages = {27–30},
  numpages = {4},
  keywords = {structural information, source code, stack traces, patches, bug reports},
  location = {Leipzig, Germany},
  series = {MSR ’08}
}

@inproceedings{chaparro17detecting,
  author = {Chaparro, Oscar and Lu, Jing and Zampetti, Fiorella and Moreno, Laura and Di Penta, Massimiliano and Marcus, Andrian and Bavota, Gabriele and Ng, Vincent},
  title = {Detecting Missing Information in Bug Descriptions},
  year = {2017},
  isbn = {9781450351058},
  publisher = {Association for Computing Machinery},
  address = {New York, NY, USA},
  doi = {10.1145/3106237.3106285},
  booktitle = {Proceedings of the 2017 11th Joint Meeting on Foundations of Software Engineering},
  pages = {396–407},
  numpages = {12},
  keywords = {Bug Descriptions Discourse, Automated Discourse Identification},
  location = {Paderborn, Germany},
  series = {ESEC/FSE 2017}
}

@inproceedings{rao-daume-iii-2018-learning,
  title = "Learning to Ask Good Questions: Ranking Clarification Questions using Neural Expected Value of Perfect Information",
  author = "Rao, Sudha and Daum{\'e} III, Hal",
  booktitle = "Proceedings of the 56th Annual Meeting of the Association for Computational Linguistics (Volume 1: Long Papers)",
  month = "jul",
  year = "2018",
  pages = "2737--2746",
}

@inproceedings{liu2020automated,
  title={Automated classification of actions in bug reports of mobile apps},
  author={Liu, Hui and Shen, Mingzhu and Jin, Jiahao and Jiang, Yanjie},
  booktitle={Proceedings of the 29th ACM SIGSOFT International Symposium on Software Testing and Analysis},
  pages={128--140},
  year={2020}
}

@inproceedings{erfani2014works,
  title={Works for me! characterizing non-reproducible bug reports},
  author={Erfani Joorabchi, Mona and Mirzaaghaei, Mehdi and Mesbah, Ali},
  booktitle={Proceedings of the 11th Working Conference on Mining Software Repositories},
  pages={62--71},
  year={2014}
}

@article{Zhang2014ASO,
  title={A survey on bug-report analysis},
  author={Jiankang Zhang and Xiaoyin Wang and Dan Hao and Bing Xie and Lu Zhang and Hong Mei},
  journal={Science China Information Sciences},
  year={2014},
  volume={58},
  pages={1-24}
}

@article{Huo2014AnES,
  title={An Empirical Study of the Effects of Expert Knowledge on Bug Reports},
  author={Da Huo and Tao Ding and Collin McMillan and Malcom Gethers},
  journal={2014 IEEE International Conference on Software Maintenance and Evolution},
  year={2014},
  pages={1-10}
}
